@article{Orszag71,
    author = {{S. A.} Orszag},
    title = {On the elimination of aliasing in finite-difference schemes by filtering high-wavenumber components},
    year = {1971},
    month = {},
    pages = {1074},
    volume = {28},
    journal = {Journal of Atmospheric Sciences},
    doi = {10.1175/1520-0469(1971)028<1074:OTEOAI>2.0.CO;2}
}

@article{Hou07,
    author = {{T. Y.} Hou and R. Li},
    title = {Computing nearly singular solutions using pseudo-spectral methods},
    year = {2007},
    month = {Apr.},
    pages = {379--397},
    volume = {226},
    journal = {Jounral of Computational Physics},
    doi = {10.1016/j.jcp.2007.04.014}
}

@article{Frigo05,
    author = {M. Frigo and {S. G.} Johnson},
    title = {The design and implementation of {FFTW3}},
    year = {2005},
    month = {Feb.},
    pages = {216--231},
    volume = {93},
    journal = {Proceedings of the IEEE},
    doi = {10.1109/JPROC.2004.840301}
}

@misc{Johnson11,
    author = {{S. G.} Johnson},
    title = {Notes on {FFT}-based differentiation},
    year = {2011},
    month = {May},
    howpublished = {Online},
    url = {https://math.mit.edu/~stevenj/fft-deriv.pdf}
}

@article{Chen14,
    author = {N. Chen and {A. J.} Majda and D. Giannakis},
    title = {Predicting the cloud patterns of the {M}adden-{J}ulian {O}scillation through a low-order nonlinear stochastic model},
    year = {2014},
    month = {Aug.},
    pages = {5612--5619},
    volume = {41},
    journal = {Geophys. Res. Lett.},
    doi = {10.1002/2014GL060876.}
}

@book{Vallis17,
	author = {{G. K.} Vallis},
	title = {Atmospheric and Oceanic Fluid Dynamics: Fundamentals and Large-Scale Circulation},
	year = {2017},
	month = {Jun.},
    edition = {2},
	publisher = {Cambridge University Press},
	address = {Cambridge, U.K.},
	isbn = {978-1-107-06550-5}
}

@article{Ogrosky19,
    author = {H. Ogrosky and S. Stechmann and S. Hottovy},
    title = {Instability and nonlinear dynamics of the MJO in a tropical channel model with vertically varying convective adjustment},
    year = {2019},
    month = {},
    pages = {307--323},
    volume = {33},
    journal = {Theor. Comput. Fluid Dyn.},
    doi = {10.1007/s00162-019-00495-x}
}

@article{lastnameYY,
    author = {F. Lastname and F2. Lastname2},
    title = {Article title},
    year = {YYYY},
    month = {Mon.},
    pages = {1--1},
    volume = {Vol},
    journal = {Journal},
    doi = {DOI}
}

@book{lastnameYY,
	author = {F. Lastname and F2. Lastname2},
	title = {Book Title},
	year = {YYYY},
	month = {Mon.},
    edition = {Ed.},
	publisher = {Publisher},
	address = {Address},
	isbn = {ISBN}
}

@misc{lastnameYY,
    author = {F. Lastname and F2. Lastname2},
    title = {Misc. title},
    year = {YYYY},
    month = {Mon.},
    howpublished = {Publication method},
    url = {URL}
}
